@book{introraytracing,
  title={An introduction to ray tracing},
  author={Glassner, Andrew S},
  year={1989},
  publisher={Elsevier}
}

@book{openclintro,
  title={OpenCL programming guide},
  author={Munshi, Aaftab and Gaster, Benedict and Mattson, Timothy G and Ginsburg, Dan},
  year={2011},
  publisher={Pearson Education}
}

@inproceedings{laine2013megakernels,
  title={Megakernels considered harmful: Wavefront path tracing on GPUs},
  author={Laine, Samuli and Karras, Tero and Aila, Timo},
  booktitle={Proceedings of the 5th High-Performance Graphics Conference},
  pages={137--143},
  year={2013}
}

@article{de2006reflections,
  title={Reflections and refractions in ray tracing},
  author={De Greve, Bram},
  journal={Retrived Oct},
  volume={16},
  pages={2014},
  year={2006}
}

@inproceedings{barringer2017ray,
  title={Ray Accelerator: Efficient and Flexible Ray Tracing on a Heterogeneous Architecture},
  author={Barringer, Rasmus and Andersson, Magnus and Akenine-M{\"o}ller, Tomas},
  booktitle={Computer Graphics Forum},
  volume={36},
  number={8},
  pages={166--177},
  year={2017},
  organization={Wiley Online Library}
}

@misc{shading,
  author       = {Yining Karl Li},
  title        = {Parallel Physically Based Path-tracing and Shading},
  year         = {2012}
}

@article{moller1997fast,
  title={Fast, minimum storage ray-triangle intersection},
  author={M{\"o}ller, Tomas and Trumbore, Ben},
  journal={Journal of graphics tools},
  volume={2},
  number={1},
  pages={21--28},
  year={1997},
  publisher={Taylor \& Francis}
}

@incollection{agate1991hero,
  title={The HERO algorithm for ray-tracing octrees},
  author={Agate, Mark and Grimsdale, Richard L and Lister, Paul F},
  booktitle={Advances in Computer Graphics Hardware IV},
  pages={61--73},
  year={1991},
  publisher={Springer}
}

@article{3ddda,
author = {Xiao, Kai and Chen, Danny and Hu, X and Zhou, Bo},
year = {2012},
month = {12},
pages = {7619-25},
title = {Efficient implementation of the 3D-DDA ray traversal algorithm on GPU and its application in radiation dose calculation},
volume = {39},
journal = {Medical physics},
doi = {10.1118/1.4767755}
}

@article{RTPerfEnergyCost,
author = {Vasiou, Elena and Shkurko, Konstantin and Mallett, Ian and Brunvand, Erik and Yuksel, Cem},
year = {2018},
month = {04},
pages = {},
title = {A detailed study of ray tracing performance: render time and energy cost},
volume = {34},
journal = {The Visual Computer},
doi = {10.1007/s00371-018-1532-8}
}

@misc{linesphereintersect,
  title={Intersection of a line and a sphere (or circle)},
  author={Bourke, Paul},
  year={1992},
  publisher={Nov}
}

@article{howes2015opencl,
  title={The OpenCL specification, version 2.0},
  author={Howes, Lee and Munshi, Aaftab},
  journal={Khronos Group},
  year={2015}
}

@book{gaster2012heterogeneous,
  title={Heterogeneous computing with openCL: revised openCL 1.},
  author={Gaster, Benedict and Howes, Lee and Kaeli, David R and Mistry, Perhaad and Schaa, Dana},
  year={2012},
  publisher={Newnes}
}

@book{rosen1999handbook,
  title={Handbook of discrete and combinatorial mathematics},
  author={Rosen, Kenneth H},
  year={1999},
  publisher={CRC press}
}
